@BOOK{JsDef6,
	author = {Дэвид Флэнган},
	title = {JavaScript. Подробное ркуоводство. Шестое издание},
	year = {2012},
	isbn = {978-593286-215-5},
	publisher = {Издательство Символ-Плюс},
	address = {Санкт-Петербург, Россия},
}

@BOOK{GoodParts,
	author = {Douglas Crockford},
	title = {JavaScript: The Good Parts},
	year = {2008},
	isbn = {978-0-596-51774-8},
	publisher = {O'Reilly Media/Yahoo Press}
}

@ONLINE{JsUsage,
	author = {builtwith.com},
	title = {Javascript Usage Statistics},
	howpublished = {\url{http://trends.builtwith.com/docinfo/Javascript}},
	urldate = {2010-07-29}
}

@ONLINE{LangUsage,
	author = {W$^3$Techs},
	title = {Usage of client-side programming languages for websites},
	howpublished = {\url{http://w3techs.com/technologies/overview/client_side_language/all}},
	urldate = {2010-07-29}
}

@ONLINE{AltJS,
	author = {W$^3$Techs},
	title = {altJS -- Web coding without JavaScript.},
	howpublished = {\url{http://altjs.org}},
}

@ONLINE{MostPopLang,
	author = {Douglas Crockford},
	title = {The World’s Most Misunderstood Programming Language Has Become the World’s Most Popular Programming Language},
	title_ru = {Самый неправильно понятый язык программирования в мире стал самым популярным в мире языком программирования},
	howpublished = {\url{http://javascript.crockford.com/popular.html}},
	urldate = {2008-03-03}
}

@ONLINE{wiki:V8:en,
	title = {V8 (JavaScript engine)},
	howpublished = {\url{http://en.wikipedia.org/wiki/V8_(JavaScript_engine)}}
}

@ONLINE{wiki:V8:ru,
	title = {V8 (движок JavaScript)},
	howpublished = {\href{http://ru.wikipedia.org/wiki/V8\_(%D0%B4%D0%B2%D0%B8%D0%B6%D0%BE%D0%BA\_JavaScript)}{http://ru.wikipedia.org/wiki/V8\_(движок\_JavaScript)}}
}


@ONLINE{wiki:SpiderMonkey:ru,
	title = {SpiderMonkey},
	howpublished = {\url{http://ru.wikipedia.org/wiki/SpiderMonkey}}
}

@ONLINE{wiki:Rhino:ru,
	title = {Rhino},
	howpublished = {\url{http://ru.wikipedia.org/wiki/Rhino}}
}

@ONLINE{wiki:JS:ru,
	title = {JavaScript},
	howpublished = {\url{http://ru.wikipedia.org/wiki/JavaScript}}
}

@ONLINE{wiki:Chakra:en,
	title = {Chakra},
	howpublished = {\url{http://en.wikipedia.org/wiki/Chakra_(JScript_engine)}}
}

@ONLINE{JavaScriptCore,
	title = {JavaScriptCore},
	howpublished = {\url{http://trac.webkit.org/wiki/JavaScriptCore}}
}

@ONLINE{JsQuirks,
	title = {12 JavaScript quirks},
	howpublished = {\url{http://www.2ality.com/2013/04/12quirks.html}}
}

@ARTICLE{KotlinOSP,
title = {{Язык программирования Kotlin}},
journal = "Открытые системы",
number = "09",
year = "2011",
issn = "0166-218X",
url = "http://www.osp.ru/os/2011/09/13011550/",
howpublished = {\url{http://www.osp.ru/os/2011/09/13011550/}},
author = {Андрей Бреслав}
}

@ONLINE{JsIsAsm1,
	title = {JavaScript is Assembly Language for the Web: Sematic Markup is Dead! Clean vs. Machine-coded HTML},
	howpublished = {\url{http://www.hanselman.com/blog/JavaScriptIsAssemblyLanguageForTheWebSematicMarkupIsDeadCleanVsMachinecodedHTML.aspx}}
}

@ONLINE{JsIsAsm2,
	title = {JavaScript is Assembly Language for the Web: Part 2 - Madness or just Insanity?},
	howpublished = {\url{http://www.hanselman.com/blog/JavaScriptIsAssemblyLanguageForTheWebPart2MadnessOrJustInsanity.aspx}}
}

@ONLINE{GWT:overview,
	title = {Google Web Toolkit Overview},
	howpublished = {\url{https://developers.google.com/web-toolkit/overview}}
}

@ONLINE{wiki:GWT:ru,
	title = {Google Web Toolkit},
	howpublished = {\url{http://ru.wikipedia.org/wiki/Google_Web_Toolkit}}
}

@ONLINE{Dart,
	title = {Dart: a language for structured web programming},
	author = {Lars Bak},
	howpublished = {\url{1googlecode.blogspot.ru/2011/10/dart-language-for-structured-web.html}}
}

@ONLINE{wiki:Dart:en,
	title = {Dart (programming language)	},
	howpublished = {\url{http://en.wikipedia.org/wiki/Dart_(programming_language)}}
}

@ONLINE{langpop,
	title = {Programming Language Popularity Chart},
	howpublished = {\url{http://langpop.corger.nl/}}
}

@ONLINE{CoffeeScript,
	title = {CoffeeScript},
	howpublished = {\url{http://coffeescript.org/}}
}

@ONLINE{wiki:TypeScript,
	title = {TypeScript},
	howpublished = {\url{http://ru.wikipedia.org/wiki/TypeScript}}
}

@ONLINE{TypeScript,
	title = {TypeScript},
	howpublished = {\url{http://www.typescriptlang.org/}}
}

@ONLINE{something,
	title = {},
	howpublished = {\url{}}
}