@article{MahR1997,
title = {{Parameterizing above Guaranteed Values: MaxSat and MaxCut}},
journal = "Journal of Algorithms",
volume = "31",
number = "2",
pages = "335 - 354",
year = "1999",
note = "",
issn = "0196-6774",
doi = "10.1006/jagm.1998.0996",
url = "http://www.sciencedirect.com/science/article/pii/S0196677498909968",
author = "Meena Mahajan and Venkatesh Raman"
}

@incollection {NR1999,
   author = {Niedermeier, Rolf and Rossmanith, Peter},
   affiliation = {Wilhelm-Schickard-Institut fur Informatik Sand 13 D 72076 Tubingen Federal Republic of Germany},
   title = {{New Upper Bounds for MaxSat}},
   booktitle = {Automata, Languages and Programming},
   series = {Lecture Notes in Computer Science},
   editor = {Wiedermann, Jiri and van Emde Boas, Peter and Nielsen, Mogens},
   publisher = {Springer Berlin / Heidelberg},
   isbn = {978-3-540-66224-2},
   keyword = {Computer Science},
   pages = {705-705},
   volume = {1644},
   url = {http://dx.doi.org/10.1007/3-540-48523-6_54},
   year = {1999}
}

@inproceedings{RB1999,
 author = {Bansal, Nikhil and Raman, Venkatesh},
 title = {Upper Bounds for MaxSat: Further Improved},
 booktitle = {Proceedings of the 10th International Symposium on Algorithms and Computation},
 series = {ISAAC '99},
 year = {1999},
 isbn = {3-540-66916-7},
 pages = {247--258},
 numpages = {12},
 url = {http://dl.acm.org/citation.cfm?id=646342.686736},
 acmid = {686736},
 publisher = {Springer-Verlag},
 address = {London, UK},
} 

@incollection {CK2002,
   author = {Chen, Jianer and Kanj, Iyad},
   affiliation = {Texas A& M University Department of Computer Science 77843-3112 College Station TX USA},
   title = {{Improved Exact Algorithms for Max-Sat}},
   booktitle = {LATIN 2002: Theoretical Informatics},
   series = {Lecture Notes in Computer Science},
   editor = {Rajsbaum, Sergio},
   publisher = {Springer Berlin / Heidelberg},
   isbn = {978-3-540-43400-9},
   keyword = {Computer Science},
   pages = {98-119},
   volume = {2286},
   year = {2002}
}

@incollection {KK2007,
   author = {Kulikov, Alexander and Kutzkov, Konstantin},
   title = {{New Bounds for MAX-SAT by Clause Learning}},
   booktitle = {Computer Science  Theory and Applications},
   series = {Lecture Notes in Computer Science},
   editor = {Diekert, Volker and Volkov, Mikhail and Voronkov, Andrei},
   publisher = {Springer Berlin / Heidelberg},
   isbn = {978-3-540-74509-9},
   pages = {194-204},
   volume = {4649},
   year = {2007}
}




@article{FGK2009,
 author = {Fomin, Fedor V. and Grandoni, Fabrizio and Kratsch, Dieter},
 title = {{A measure \& conquer approach for the analysis of exact algorithms}},
 journal = {J. ACM},
 volume = {56},
 issue = {5},
 month = {August},
 year = {2009},
 issn = {0004-5411},
 pages = {1--32},
 articleno = {25},
 numpages = {32},
 acmid = {1552286},
 publisher = {ACM},
 address = {New York, NY, USA},
}

@article{vRB2011,
title = {{Exact algorithms for dominating set}},
journal = "Discrete Applied Mathematics",
volume = "159",
number = "17",
pages = "2147 - 2164",
year = "2011",
issn = "0166-218X",
url = "http://www.sciencedirect.com/science/article/pii/S0166218X11002393",
author = "Johan M.M. van Rooij and Hans L. Bodlaender",
}

@inproceedings{Y1992,
 author = {Yannakakis, Mihalis},
 title = {{On the approximation of maximum satisfiability}},
 booktitle = {Proceedings of the third annual ACM-SIAM symposium on Discrete algorithms},
 series = {SODA '92},
 year = {1992},
 isbn = {0-89791-466-X},
 location = {Orlando, Florida, United States},
 pages = {1--9},
 numpages = {9},
 url = {http://dl.acm.org/citation.cfm?id=139404.139406},
 acmid = {139406},
 publisher = {Society for Industrial and Applied Mathematics},
 address = {Philadelphia, PA, USA},
}

@article{LS1981,
 author = {Lieberherr, K. J. and Specker, E.},
 title = {{Complexity of Partial Satisfaction}},
 journal = {J. ACM},
 volume = {28},
 issue = {2},
 month = {April},
 year = {1981},
 issn = {0004-5411},
 pages = {411--421},
 numpages = {11},
 url = {http://doi.acm.org/10.1145/322248.322260},
 acmid = {322260},
 publisher = {ACM},
 address = {New York, NY, USA},
}

@article{Asi,
 author = {Asirelli, Patrizia and De Santis, Michele and Martelli, Maurizio},
 title = {Integrity constraints in logic databases},
 journal = {J. Log. Program.},
 issue_date = {Oct. 1985},
 volume = {2},
 number = {3},
 month = oct,
 year = {1985},
 issn = {0743-1066},
 pages = {221--232},
 numpages = {12},
 url = {http://dx.doi.org/10.1016/0743-1066(85)90020-2},
 doi = {10.1016/0743-1066(85)90020-2},
 acmid = {4770},
 publisher = {Elsevier Science Inc.},
 address = {New York, NY, USA},
} 

@ARTICLE{Batti,
    author = {Roberto Battiti and Marco Protasi},
    title = {Reactive Search, a history-based heuristic for MAX-SAT},
    journal = {ACM Journal of Experimental Algorithmics},
    year = {1996},
    volume = {2}
}

@article{Fernau,
title = "An Efficient Exact Algorithm for Constraint Bipartite Vertex Cover",
journal = "Journal of Algorithms",
volume = "38",
number = "2",
pages = "374 - 410",
year = "2001",
note = "",
issn = "0196-6774",
doi = "10.1006/jagm.2000.1141",
url = "http://www.sciencedirect.com/science/article/pii/S0196677400911416",
author = "Henning Fernau and Rolf Niedermeier",
keywords = "<span style='font-style: italic'>NP</span>-complete problem",
keywords = "graph algorithm",
keywords = "VLSI",
keywords = "vertex cover",
keywords = "fixed parameter algorithm"
}

@article{Hansen,
 author = {Hansen, Pierre and Jaumard, Brigitte},
 title = {Algorithms for the maximum satisfiability problem},
 journal = {Computing},
 issue_date = {April 1990},
 volume = {44},
 number = {4},
 month = apr,
 year = {1990},
 issn = {0010-485X},
 pages = {279--303},
 numpages = {25},
 url = {http://dx.doi.org/10.1007/BF02241270},
 doi = {10.1007/BF02241270},
 acmid = {108091},
 publisher = {Springer-Verlag New York, Inc.},
 address = {New York, NY, USA},
} 

@book{Hayes,
 author = {Hayes-Roth, Frederick and Waterman, Donald A. and Lenat, Douglas B.},
 title = {Building expert systems},
 year = {1983},
 isbn = {0-201-10686-8},
 publisher = {Addison-Wesley Longman Publishing Co., Inc.},
 address = {Boston, MA, USA},
} 

@inproceedings{Ngu,
 author = {Nguyen, T. A. and Perkins, W. A. and Laffey, T. J. and Pecora, D.},
 title = {Checking an expert systems knowledge base for consistency and completeness},
 booktitle = {Proceedings of the 9th international joint conference on Artificial intelligence - Volume 1},
 series = {IJCAI'85},
 year = {1985},
 isbn = {0-934613-02-8, 978-0-934-61302-6},
 location = {Los Angeles, California},
 pages = {375--378},
 numpages = {4},
 url = {http://dl.acm.org/citation.cfm?id=1625135.1625205},
 acmid = {1625205},
 publisher = {Morgan Kaufmann Publishers Inc.},
 address = {San Francisco, CA, USA},
} 

@INPROCEEDINGS{Wall,
    author = {Richard J. Wallace},
    title = {Enhancing Maximum Satisfiability Algorithms with Pure Literal Strategies},
    booktitle = {In 11th Canadian Conference on Artificial Intelligence, AI'96},
    year = {1996},
    pages = {388--401},
    publisher = {Springer}
}

@INPROCEEDINGS{Wal,
    author = {Richard Wallace and Eugene C. Freuder},
    title = {Comparative Studies of Constraint Satisfaction and Davis-Putnam Algorithms for Maximum Satisfiability Problems},
    booktitle = {Cliques, Coloring and Satisfiability},
    year = {},
    pages = {587--615},
    publisher = {American Mathematical Society}
}

@INPROCEEDINGS{Asano,
    author = {Takao Asano and David P. Williamson},
    title = {Improved Approximation Algorithms for MAX SAT},
    booktitle = {In Proceedings of the 11th Annual ACM-SIAM Symposium on Discrete Algorithms, SODA'00},
    year = {2000},
    pages = {96--105},
    publisher = {ACM}
}

@article{Mon,
title = "Solving satisfiability in less than 2n steps",
journal = "Discrete Applied Mathematics",
volume = "10",
number = "3",
pages = "287 - 295",
year = "1985",
note = "",
issn = "0166-218X",
doi = "10.1016/0166-218X(85)90050-2",
url = "http://www.sciencedirect.com/science/article/pii/0166218X85900502",
author = "B. Monien and E. Speckenmeyer"
}



@incollection {Dan,
   author = {Dantsin, Evgeny and Wolpert, Alexander},
   affiliation = {Roosevelt University, 430 S. Michigan Av., Chicago, IL 60605, USA},
   title = {{MAX-SAT for Formulas with Constant Clause Density Can Be Solved Faster Than in 2n Time}},
   booktitle = {Theory and Applications of Satisfiability Testing - SAT 2006},
   series = {Lecture Notes in Computer Science},
   editor = {Biere, Armin and Gomes, Carla},
   keyword = {Computer Science},
   pages = {266-276},
   volume = {4121},
   year = {2006}
}


@article{B2012,
  author = {Bliznets},
  title = {{A New Upper Bound for $(n,3)$-MAX-SAT}},
  year = {2012},
  journal = {To appear in Zapiski nauchnikh seminarov POMI},
}